@Manual{R-knitr,
  title = {knitr: A General-Purpose Package for Dynamic Report Generation in R},
  author = {Yihui Xie},
  year = {2022},
  note = {R package version 1.40},
  url = {https://yihui.org/knitr/},
}

@Manual{R-lubridate,
  title = {lubridate: Make Dealing with Dates a Little Easier},
  author = {Vitalie Spinu and Garrett Grolemund and Hadley Wickham},
  year = {2022},
  note = {R package version 1.9.0},
  url = {https://CRAN.R-project.org/package=lubridate},
}

@Manual{R-plotrix,
  title = {plotrix: Various Plotting Functions},
  author = {Jim Lemon and Ben Bolker and Sander Oom and Eduardo Klein and Barry Rowlingson and Hadley Wickham and Anupam Tyagi and Olivier Eterradossi and Gabor Grothendieck and Michael Toews and John Kane and Rolf Turner and Carl Witthoft and Julian Stander and Thomas Petzoldt and Remko Duursma and Elisa Biancotto and Ofir Levy and Christophe Dutang and Peter Solymos and Robby Engelmann and Michael Hecker and Felix Steinbeck and Hans Borchers and Henrik Singmann and Ted Toal and Derek Ogle and Darshan Baral and Ulrike Groemping and Bill Venables},
  year = {2021},
  note = {R package version 3.8-2},
  url = {https://CRAN.R-project.org/package=plotrix},
}

@Manual{R-rmarkdown,
  title = {rmarkdown: Dynamic Documents for R},
  author = {JJ Allaire and Yihui Xie and Jonathan McPherson and Javier Luraschi and Kevin Ushey and Aron Atkins and Hadley Wickham and Joe Cheng and Winston Chang and Richard Iannone},
  year = {2022},
  note = {R package version 2.16},
  url = {https://CRAN.R-project.org/package=rmarkdown},
}

@Manual{R-tidyverse,
  title = {tidyverse: Easily Install and Load the Tidyverse},
  author = {Hadley Wickham},
  year = {2022},
  note = {https://tidyverse.tidyverse.org},
}

@Book{knitr2015,
  title = {Dynamic Documents with {R} and knitr},
  author = {Yihui Xie},
  publisher = {Chapman and Hall/CRC},
  address = {Boca Raton, Florida},
  year = {2015},
  edition = {2nd},
  note = {ISBN 978-1498716963},
  url = {https://yihui.org/knitr/},
}

@InCollection{knitr2014,
  booktitle = {Implementing Reproducible Computational Research},
  editor = {Victoria Stodden and Friedrich Leisch and Roger D. Peng},
  title = {knitr: A Comprehensive Tool for Reproducible Research in {R}},
  author = {Yihui Xie},
  publisher = {Chapman and Hall/CRC},
  year = {2014},
  note = {ISBN 978-1466561595},
  url = {http://www.crcpress.com/product/isbn/9781466561595},
}

@Article{lubridate2011,
  title = {Dates and Times Made Easy with {lubridate}},
  author = {Garrett Grolemund and Hadley Wickham},
  journal = {Journal of Statistical Software},
  year = {2011},
  volume = {40},
  number = {3},
  pages = {1--25},
  url = {https://www.jstatsoft.org/v40/i03/},
}

@Article{plotrix2006,
  year = {2006},
  title = {Plotrix: a package in the red light district of R},
  journal = {R-News},
  volume = {6},
  number = {4},
  pages = {8-12},
  author = {Lemon J},
}

@Book{rmarkdown2018,
  title = {R Markdown: The Definitive Guide},
  author = {Yihui Xie and J.J. Allaire and Garrett Grolemund},
  publisher = {Chapman and Hall/CRC},
  address = {Boca Raton, Florida},
  year = {2018},
  note = {ISBN 9781138359338},
  url = {https://bookdown.org/yihui/rmarkdown},
}

@Book{rmarkdown2020,
  title = {R Markdown Cookbook},
  author = {Yihui Xie and Christophe Dervieux and Emily Riederer},
  publisher = {Chapman and Hall/CRC},
  address = {Boca Raton, Florida},
  year = {2020},
  note = {ISBN 9780367563837},
  url = {https://bookdown.org/yihui/rmarkdown-cookbook},
}

@Article{tidyverse2019,
  title = {Welcome to the {tidyverse}},
  author = {Hadley Wickham and Mara Averick and Jennifer Bryan and Winston Chang and Lucy D'Agostino McGowan and Romain François and Garrett Grolemund and Alex Hayes and Lionel Henry and Jim Hester and Max Kuhn and Thomas Lin Pedersen and Evan Miller and Stephan Milton Bache and Kirill Müller and Jeroen Ooms and David Robinson and Dana Paige Seidel and Vitalie Spinu and Kohske Takahashi and Davis Vaughan and Claus Wilke and Kara Woo and Hiroaki Yutani},
  year = {2019},
  journal = {Journal of Open Source Software},
  volume = {4},
  number = {43},
  pages = {1686},
  doi = {10.21105/joss.01686},
}

